@article{diagonalQNewton,
  title =        {A diagonal quasi-Newton updating method for unconstrained
                  optimization},
  author =       {Andrei, Neculai},
  journal =      {Numerical Algorithms},
  volume =       81,
  doi =          {https://doi.org/10.1007/s11075-018-0562-7},
  number =       2,
  pages =        {575--590},
  year =         2019,
  publisher =    {Springer}
}

@article{hogradients,
  title =        {Estimating the gradient and higher-order derivatives on
                  quantum hardware},
  volume =       103,
  ISSN =         {2469-9934},
  url =          {https://arxiv.org/abs/2008.06517},
  DOI =          {10.1103/physreva.103.012405},
  number =       1,
  journal =      {Physical Review A},
  pages =        012405,
  publisher =    {American Physical Society (APS)},
  author =       {Mari, Andrea and Bromley, Thomas R. and Killoran, Nathan},
  year =         2021,
  month =        {Jan}
}

@book{howtounderstandqm,
  title =        {Как понимать квантовую механику.},
  author =       {Иванов М.Г.},
  pages =        {488--501},
  publisher =    {Регулярная и хаотическая динамика},
  year =         2015,
  url =          {https://mipt.ru/upload/medialibrary/533/quant-2.pdf},
}

@book{landafshitz,
  title =        {Квантовая механика: Нерелятивистская теория.},
  author =       {Ландау Л. Д., Лифшиц Е. М.},
  pages =        {146--158},
  publisher =    {Наука},
  year =         1989,
  url =          {https://www.math.purdue.edu/~eremenko/dvi/LL.pdf},
}

@article{parametershift,
  title =        {Quantum circuit learning},
  author =       {Mitarai, Kosuke and Negoro, Makoto and Kitagawa, Masahiro and
                  Fujii, Keisuke},
  journal =      {Physical Review A},
  volume =       98,
  number =       3,
  pages =        032309,
  year =         2018,
  url =          {https://arxiv.org/abs/1803.00745},
  doi =          {10.1103/PhysRevA.98.032309},
  month =        {Sep},
  publisher =    {American Physical Society (APS)}
}

@article{qsvmidea,
  title =        {Supervised learning with quantum-enhanced feature spaces},
  author =       {Havl{\'\i}{\v{c}}ek, Vojt{\v{e}}ch and C{\'o}rcoles, Antonio D
                  and Temme, Kristan and Harrow, Aram W and Kandala, Abhinav and
                  Chow, Jerry M and Gambetta, Jay M},
  journal =      {Nature},
  volume =       567,
  number =       7747,
  pages =        {209--212},
  year =         2019,
  url =          {https://arxiv.org/abs/1804.11326},
  doi =          {10.1038/s41586-019-0980-2},
  month =        {Mar},
  publisher =    {Nature Publishing Group}
}

@article{qsvmmap,
  title =        {Analysis and synthesis of feature map for kernel-based quantum
                  classifier},
  author =       {Suzuki, Yudai and Yano, Hiroshi and Gao, Qi and Uno, Shumpei
                  and Tanaka, Tomoki and Akiyama, Manato and Yamamoto, Naoki},
  journal =      {Quantum Machine Intelligence},
  volume =       2,
  number =       1,
  pages =        {1--9},
  year =         2020,
  doi =          {10.1007/s42484-020-00020-y},
  url =          {https://arxiv.org/abs/1906.10467},
  month =        {Jul},
  publisher =    {Springer}
}

@article{sycamore,
  title =        {Quantum supremacy using a programmable superconducting
                  processor},
  author =       {Arute, Frank and Arya, Kunal and Babbush, Ryan and Bacon, Dave
                  and Bardin, Joseph C and Barends, Rami and Biswas, Rupak and
                  Boixo, Sergio and Brandao, Fernando GSL and Buell, David A and
                  others},
  journal =      {Nature},
  volume =       574,
  number =       7779,
  pages =        {505--510},
  year =         2019,
  publisher =    {Nature Publishing Group},
  doi =          {https://doi.org/10.1038/s41586-019-1666-5}
}

@article{topologyqc,
  title =        {Non-Abelian anyons and topological quantum computation},
  volume =       80,
  ISSN =         {1539-0756},
  url =          {http://dx.doi.org/10.1103/RevModPhys.80.1083},
  DOI =          {10.1103/revmodphys.80.1083},
  number =       3,
  journal =      {Reviews of Modern Physics},
  publisher =    {American Physical Society (APS)},
  author =       {Nayak, Chetan and Simon, Steven H. and Stern, Ady and
                  Freedman, Michael and Das Sarma, Sankar},
  year =         2008,
  month =        {Sep},
  pages =        {1083–1159}
}

@article{vqcaskernels,
  title =        {Quantum machine learning models are kernel methods},
  author =       {Schuld, Maria},
  journal =      {arXiv e-prints},
  pages =        {26 pages},
  url =          {https://arxiv.org/abs/2101.11020},
  moth =         {Apr},
  archivePrefix ={arXiv},
  eprint =       {2101.11020},
  primaryClass = {quant-ph},
  year =         2021
}

@article{Vool2017,
    author = {Vool, Uri and Devoret, Michel},
    doi = {10.1002/cta.2359},
    journal = {International Journal of Circuit Theory and Applications},
    number = {7},
    pages = {897--934},
    title = {{Introduction to quantum electromagnetic circuits}},
    url = {https://onlinelibrary.wiley.com/doi/abs/10.1002/cta.2359},
    volume = {45},
    year = {2017},
    language     = {english}
}

@article{Koch2007,
    author = {Koch, Jens and Yu, Terri M and Gambetta, Jay and Houck, A A and Schuster, D I and Majer, J and Blais, Alexandre and Devoret, M H and Girvin, S M and Schoelkopf, R J},
    doi = {10.1103/physreva.76.042319},
    journal = {Physical Review A},
    month = {10},
    number = {4},
    publisher = {American Physical Society},
    title = {{Charge-insensitive qubit design derived from the Cooper pair box}},
    volume = {76},
    year = {2007},
    language     = {english}
}

@article{Wallraff2005,
    archivePrefix = {arXiv},
    arxivId = {cond-mat/0502645},
    author = {Wallraff, A. and Schuster, D. I. and Blais, A. and Frunzio, L. and Majer, J. and Devoret, M. H. and Girvin, S. M. and Schoelkopf, R. J.},
    doi = {10.1103/PhysRevLett.95.060501},
    eprint = {0502645},
    issn = {00319007},
    journal = {Physical Review Letters},
    month = {8},
    number = {6},
    pages = {060501},
    pmid = {16090931},
    primaryClass = {cond-mat},
    publisher = {American Physical Society},
    title = {{Approaching unit visibility for control of a superconducting qubit with dispersive readout}},
    url = {https://journals.aps.org/prl/abstract/10.1103/PhysRevLett.95.060501},
    volume = {95},
    year = {2005},
    language     = {english}
}

@article{Roth2017,
    author = {Roth, Marco and Ganzhorn, Marc and Moll, Nikolaj and Filipp, Stefan and Salis, Gian and Schmidt, Sebastian},
    doi = {10.1103/PhysRevA.96.062323},
    issn = {24699934},
    journal = {Physical Review A},
    title = {{Analysis of a parametrically driven exchange-type gate and a two-photon excitation gate between superconducting qubits}},
    year = {2017}
}

@article{Krantz2019,
    archivePrefix = {arXiv},
    arxivId = {arXiv:1904.06560v1},
    author = {Krantz, P and Kjaergaard, M and Yan, F and Orlando, T P and Gustavsson, S and Oliver, W D},
    eprint = {arXiv:1904.06560v1},
    journal = {Applied Physics Review},
    title = {{A Guide to Superconducting Qubits for New Quantum Information Engineers}},
    year = {2019}
}
